<?xml version="1.0" encoding="UTF-8"?><collection xmlns="http://www.loc.gov/MARC21/slim"><record><leader>00572nam--2200205-u-4500</leader><controlfield tag="001">000050925</controlfield><controlfield tag="002">20161230</controlfield><controlfield tag="005">20161230201048</controlfield><controlfield tag="008">080422s1000------------r-----000-0-eng-d</controlfield><datafield ind1=" " ind2=" " tag="020"><subfield code="a">0-521-018617</subfield></datafield><datafield ind1=" " ind2=" " tag="040"><subfield code="a">IFIN-HH</subfield></datafield><datafield ind1=" " ind2=" " tag="080"><subfield code="a">666.22:537.662:535.8</subfield></datafield><datafield ind1="1" ind2="0" tag="100"><subfield code="a">Yamane, Masayuki</subfield></datafield><datafield ind1="1" ind2="0" tag="245"><subfield code="a">Glasses for Photonics</subfield><subfield code="c">Masayuki Yamane; Yoshiyuki Asahara</subfield></datafield><datafield ind1=" " ind2=" " tag="260"><subfield code="a">Cambridge</subfield><subfield code="b">Cambridge University Press</subfield><subfield code="c">2000</subfield></datafield><datafield ind1=" " ind2=" " tag="300"><subfield code="a">271 p</subfield></datafield><datafield ind1=" " ind2="4" tag="650"><subfield code="a">Photonics Materials</subfield></datafield><datafield ind1="1" ind2=" " tag="700"><subfield code="a">Asahara, Yoshiyuki</subfield></datafield><datafield ind1=" " ind2=" " tag="852"><subfield code="a">81946</subfield><subfield code="c">666.1:666.3</subfield></datafield><datafield ind1=" " ind2=" " tag="CAT"><subfield code="a">Sys</subfield><subfield code="c">20110413</subfield><subfield code="h">095705</subfield></datafield></record></collection>